[{"trade_id":1,"stock_symbol":"WFC^W","quantity":3572,"purchase_price":830.34,"sale_price":845.96,"purchase_date":"10/25/2011","sale_date":"3/3/2012","profit":15.62,"brokerage_fee":2.5,"total_cost":2965976.98,"total_revenue":3021766.62,"profit_margin":1.880986952231841,"trade_type":"Buy","sector":"n/a","industry":"n/a"},{"trade_id":2,"stock_symbol":"NM","quantity":9917,"purchase_price":527.65,"sale_price":663.54,"purchase_date":"2/4/2020","sale_date":"6/28/2015","profit":135.89,"brokerage_fee":82.38,"total_cost":5232787.43,"total_revenue":6580243.8,"profit_margin":25.750260029194422,"trade_type":"Buy","sector":"Transportation","industry":"Marine Transportation"},{"trade_id":3,"stock_symbol":"CLRBZ","quantity":8031,"purchase_price":582.59,"sale_price":181.2,"purchase_date":"1/29/2012","sale_date":"3/17/2022","profit":-401.39,"brokerage_fee":60.07,"total_cost":4678840.36,"total_revenue":1455157.13,"profit_margin":-68.89919257685466,"trade_type":"Buy","sector":"Health Care","industry":"Major Pharmaceuticals"},{"trade_id":4,"stock_symbol":"FEP","quantity":4057,"purchase_price":456.51,"sale_price":87.48,"purchase_date":"11/29/2019","sale_date":"9/6/2016","profit":-369.03,"brokerage_fee":52.71,"total_cost":1852113.78,"total_revenue":354853.65,"profit_margin":-80.84061282671306,"trade_type":"Short Sell","sector":"n/a","industry":"n/a"},{"trade_id":5,"stock_symbol":"AIZ","quantity":6726,"purchase_price":765.52,"sale_price":791.38,"purchase_date":"4/14/2010","sale_date":"10/25/2010","profit":25.86,"brokerage_fee":71.36,"total_cost":5148958.88,"total_revenue":5322750.52,"profit_margin":3.3752772948926717,"trade_type":"Short Sell","sector":"Finance","industry":"Accident &Health Insurance"},{"trade_id":6,"stock_symbol":"SYMC","quantity":8095,"purchase_price":58.7,"sale_price":791.26,"purchase_date":"5/15/2011","sale_date":"5/9/2014","profit":732.56,"brokerage_fee":10.31,"total_cost":475186.81,"total_revenue":6405239.39,"profit_margin":1247.941326485893,"trade_type":"Sell","sector":"Technology","industry":"Computer Software: Prepackaged Software"},{"trade_id":7,"stock_symbol":"UBSH","quantity":2730,"purchase_price":309.62,"sale_price":618.21,"purchase_date":"12/28/2022","sale_date":"4/10/2010","profit":308.59,"brokerage_fee":99.72,"total_cost":845362.32,"total_revenue":1687613.58,"profit_margin":99.63198501679138,"trade_type":"Buy","sector":"Finance","industry":"Major Banks"},{"trade_id":8,"stock_symbol":"LMAT","quantity":1242,"purchase_price":224.66,"sale_price":880.79,"purchase_date":"9/14/2013","sale_date":"5/23/2013","profit":656.13,"brokerage_fee":24.22,"total_cost":279051.94,"total_revenue":1093916.96,"profit_margin":292.0119530435803,"trade_type":"Buy","sector":"Health Care","industry":"Medical/Dental Instruments"},{"trade_id":9,"stock_symbol":"BGCP","quantity":5821,"purchase_price":914.35,"sale_price":355.52,"purchase_date":"7/21/2011","sale_date":"10/23/2017","profit":-558.83,"brokerage_fee":50.07,"total_cost":5322481.42,"total_revenue":2069431.85,"profit_margin":-61.11904041179349,"trade_type":"Sell","sector":"Finance","industry":"Investment Bankers/Brokers/Service"},{"trade_id":10,"stock_symbol":"FAF","quantity":2577,"purchase_price":54.86,"sale_price":698.32,"purchase_date":"2/16/2020","sale_date":"11/12/2022","profit":643.46,"brokerage_fee":53.75,"total_cost":141427.97,"total_revenue":1799516.89,"profit_margin":1172.391090673224,"trade_type":"Sell","sector":"Finance","industry":"Specialty Insurers"},{"trade_id":11,"stock_symbol":"VMI","quantity":9314,"purchase_price":291.45,"sale_price":32.16,"purchase_date":"6/8/2018","sale_date":"5/18/2019","profit":-259.29,"brokerage_fee":31.22,"total_cost":2714596.52,"total_revenue":299507.02,"profit_margin":-88.96679422546376,"trade_type":"Sell","sector":"Capital Goods","industry":"Metal Fabrications"},{"trade_id":12,"stock_symbol":"MDCA","quantity":5657,"purchase_price":858.26,"sale_price":251.56,"purchase_date":"3/12/2021","sale_date":"11/14/2021","profit":-606.7,"brokerage_fee":82.31,"total_cost":4855259.13,"total_revenue":1422992.61,"profit_margin":-70.6917268079984,"trade_type":"Buy","sector":"Technology","industry":"Advertising"},{"trade_id":13,"stock_symbol":"DIS","quantity":1497,"purchase_price":441.99,"sale_price":519.23,"purchase_date":"1/22/2010","sale_date":"6/9/2012","profit":77.24,"brokerage_fee":56.87,"total_cost":661715.9,"total_revenue":777230.44,"profit_margin":17.456817948609064,"trade_type":"Sell","sector":"Consumer Services","industry":"Television Services"},{"trade_id":14,"stock_symbol":"ALKS","quantity":7332,"purchase_price":196.22,"sale_price":885.59,"purchase_date":"11/20/2014","sale_date":"7/17/2016","profit":689.37,"brokerage_fee":49.16,"total_cost":1438734.2,"total_revenue":6493096.72,"profit_margin":351.30620513504164,"trade_type":"Sell","sector":"Health Care","industry":"Major Pharmaceuticals"},{"trade_id":15,"stock_symbol":"TIME","quantity":3283,"purchase_price":432.45,"sale_price":284.93,"purchase_date":"10/5/2011","sale_date":"3/7/2013","profit":-147.52,"brokerage_fee":18.8,"total_cost":1419752.15,"total_revenue":935406.39,"profit_margin":-34.11481081398609,"trade_type":"Sell","sector":"Consumer Services","industry":"Newspapers/Magazines"},{"trade_id":16,"stock_symbol":"SQQQ","quantity":7546,"purchase_price":840.17,"sale_price":42.45,"purchase_date":"3/3/2020","sale_date":"5/19/2020","profit":-797.72,"brokerage_fee":23.83,"total_cost":6339946.65,"total_revenue":320303.87,"profit_margin":-94.94784597280483,"trade_type":"Short Sell","sector":"n/a","industry":"n/a"},{"trade_id":17,"stock_symbol":"WSO","quantity":6778,"purchase_price":201.12,"sale_price":357.07,"purchase_date":"11/28/2011","sale_date":"1/21/2015","profit":155.95,"brokerage_fee":47.02,"total_cost":1363238.38,"total_revenue":2420173.44,"profit_margin":77.53119890888048,"trade_type":"Buy","sector":"Consumer Durables","industry":"Industrial Machinery/Components"},{"trade_id":18,"stock_symbol":"DHT","quantity":6139,"purchase_price":741.17,"sale_price":676.18,"purchase_date":"5/12/2020","sale_date":"2/2/2020","profit":-64.99,"brokerage_fee":29.84,"total_cost":4550072.47,"total_revenue":4151039.18,"profit_margin":-8.769822736471712,"trade_type":"Short Sell","sector":"Transportation","industry":"Marine Transportation"},{"trade_id":19,"stock_symbol":"PKI","quantity":3176,"purchase_price":777.93,"sale_price":576.87,"purchase_date":"7/8/2014","sale_date":"9/9/2012","profit":-201.06,"brokerage_fee":1.85,"total_cost":2470707.53,"total_revenue":1832137.27,"profit_margin":-25.845643494679436,"trade_type":"Sell","sector":"Capital Goods","industry":"Biotechnology: Laboratory Analytical Instruments"},{"trade_id":20,"stock_symbol":"EEA","quantity":3335,"purchase_price":339.64,"sale_price":280.67,"purchase_date":"3/21/2017","sale_date":"10/31/2012","profit":-58.97,"brokerage_fee":33.3,"total_cost":1132732.7,"total_revenue":936001.15,"profit_margin":-17.367870637088522,"trade_type":"Sell","sector":"n/a","industry":"n/a"},{"trade_id":21,"stock_symbol":"PLBC","quantity":5939,"purchase_price":753.04,"sale_price":888.62,"purchase_date":"5/29/2011","sale_date":"7/29/2017","profit":135.58,"brokerage_fee":26.91,"total_cost":4472331.47,"total_revenue":5277487.27,"profit_margin":18.003043947008695,"trade_type":"Sell","sector":"Finance","industry":"Finance Companies"},{"trade_id":22,"stock_symbol":"OVAS","quantity":484,"purchase_price":657.67,"sale_price":260.61,"purchase_date":"3/30/2014","sale_date":"8/4/2011","profit":-397.06,"brokerage_fee":50.59,"total_cost":318362.87,"total_revenue":126084.65,"profit_margin":-60.39593122150205,"trade_type":"Sell","sector":"Health Care","industry":"Major Pharmaceuticals"},{"trade_id":23,"stock_symbol":"MS^G","quantity":8546,"purchase_price":754.56,"sale_price":196.28,"purchase_date":"5/12/2017","sale_date":"4/13/2017","profit":-558.28,"brokerage_fee":47.5,"total_cost":6448517.26,"total_revenue":1677361.38,"profit_margin":-73.98841761028334,"trade_type":"Short Sell","sector":"n/a","industry":"n/a"},{"trade_id":24,"stock_symbol":"UEPS","quantity":7549,"purchase_price":29.59,"sale_price":806.35,"purchase_date":"6/4/2018","sale_date":"8/24/2017","profit":776.76,"brokerage_fee":77.61,"total_cost":223452.52,"total_revenue":6087058.54,"profit_margin":2624.094827840832,"trade_type":"Short Sell","sector":"Finance","industry":"Investment Bankers/Brokers/Service"},{"trade_id":25,"stock_symbol":"HMN","quantity":738,"purchase_price":24.38,"sale_price":546.57,"purchase_date":"11/9/2017","sale_date":"6/28/2012","profit":522.19,"brokerage_fee":47.29,"total_cost":18039.73,"total_revenue":403321.37,"profit_margin":2135.739503861754,"trade_type":"Short Sell","sector":"Finance","industry":"Property-Casualty Insurers"},{"trade_id":26,"stock_symbol":"GS^D","quantity":1332,"purchase_price":108.15,"sale_price":281.45,"purchase_date":"11/20/2017","sale_date":"8/9/2018","profit":173.3,"brokerage_fee":9.3,"total_cost":144065.1,"total_revenue":374882.1,"profit_margin":160.21715182927719,"trade_type":"Sell","sector":"n/a","industry":"n/a"},{"trade_id":27,"stock_symbol":"BCRH","quantity":1648,"purchase_price":571.08,"sale_price":297.67,"purchase_date":"12/3/2022","sale_date":"9/4/2013","profit":-273.41,"brokerage_fee":89.37,"total_cost":941229.21,"total_revenue":490470.79,"profit_margin":-47.89039855658538,"trade_type":"Short Sell","sector":"Finance","industry":"Property-Casualty Insurers"},{"trade_id":28,"stock_symbol":"CPG","quantity":2637,"purchase_price":935.66,"sale_price":327.11,"purchase_date":"4/11/2016","sale_date":"4/8/2014","profit":-608.55,"brokerage_fee":8.27,"total_cost":2467343.69,"total_revenue":862580.8,"profit_margin":-65.04010351310238,"trade_type":"Sell","sector":"Energy","industry":"Oil & Gas Production"},{"trade_id":29,"stock_symbol":"DRAD","quantity":4990,"purchase_price":610.07,"sale_price":895.12,"purchase_date":"8/26/2015","sale_date":"12/1/2014","profit":285.05,"brokerage_fee":54.75,"total_cost":3044304.05,"total_revenue":4466594.05,"profit_margin":46.71970922221123,"trade_type":"Sell","sector":"Health Care","industry":"Biotechnology: Electromedical & Electrotherapeutic Apparatus"},{"trade_id":30,"stock_symbol":"AMNB","quantity":2555,"purchase_price":536.55,"sale_price":974.53,"purchase_date":"11/25/2012","sale_date":"11/9/2011","profit":437.98,"brokerage_fee":67.01,"total_cost":1370952.26,"total_revenue":2489857.14,"profit_margin":81.61515996187934,"trade_type":"Sell","sector":"Finance","industry":"Major Banks"},{"trade_id":31,"stock_symbol":"EMCF","quantity":3056,"purchase_price":29.87,"sale_price":488.38,"purchase_date":"12/3/2012","sale_date":"6/11/2014","profit":458.51,"brokerage_fee":33.08,"total_cost":91315.8,"total_revenue":1492456.2,"profit_margin":1534.3898865256615,"trade_type":"Sell","sector":"Finance","industry":"Major Banks"},{"trade_id":32,"stock_symbol":"STRM","quantity":9456,"purchase_price":727.89,"sale_price":274.98,"purchase_date":"4/22/2020","sale_date":"8/24/2017","profit":-452.91,"brokerage_fee":26.22,"total_cost":6882954.06,"total_revenue":2600184.66,"profit_margin":-62.222838662967916,"trade_type":"Buy","sector":"Technology","industry":"EDP Services"},{"trade_id":33,"stock_symbol":"LRGE","quantity":9377,"purchase_price":860.36,"sale_price":488.69,"purchase_date":"9/12/2020","sale_date":"5/6/2018","profit":-371.67,"brokerage_fee":41.65,"total_cost":8067637.37,"total_revenue":4582404.48,"profit_margin":-43.200167907398146,"trade_type":"Sell","sector":"n/a","industry":"n/a"},{"trade_id":34,"stock_symbol":"NGL","quantity":6527,"purchase_price":689,"sale_price":114.09,"purchase_date":"12/5/2017","sale_date":"5/9/2018","profit":-574.91,"brokerage_fee":93.93,"total_cost":4497196.93,"total_revenue":744571.5,"profit_margin":-83.44365364493834,"trade_type":"Sell","sector":"Energy","industry":"Oil Refining/Marketing"},{"trade_id":35,"stock_symbol":"CTW","quantity":1794,"purchase_price":633.23,"sale_price":402.28,"purchase_date":"9/2/2010","sale_date":"2/2/2016","profit":-230.95,"brokerage_fee":66.46,"total_cost":1136081.08,"total_revenue":721623.86,"profit_margin":-36.48130642224937,"trade_type":"Sell","sector":"Public Utilities","industry":"Telecommunications Equipment"},{"trade_id":36,"stock_symbol":"ALL^C","quantity":9401,"purchase_price":401.32,"sale_price":989.52,"purchase_date":"2/14/2016","sale_date":"1/2/2012","profit":588.2,"brokerage_fee":77.92,"total_cost":3772887.24,"total_revenue":9302399.6,"profit_margin":146.55917360519896,"trade_type":"Short Sell","sector":"n/a","industry":"n/a"},{"trade_id":37,"stock_symbol":"BGIO","quantity":99,"purchase_price":655.12,"sale_price":51.04,"purchase_date":"4/9/2016","sale_date":"12/27/2011","profit":-604.08,"brokerage_fee":88.49,"total_cost":64945.37,"total_revenue":4964.47,"profit_margin":-92.35592929873215,"trade_type":"Short Sell","sector":"n/a","industry":"n/a"},{"trade_id":38,"stock_symbol":"KAMN","quantity":1031,"purchase_price":157.57,"sale_price":873.91,"purchase_date":"4/30/2014","sale_date":"5/5/2012","profit":716.34,"brokerage_fee":30.75,"total_cost":162485.42,"total_revenue":900970.46,"profit_margin":454.49311082803615,"trade_type":"Buy","sector":"Consumer Durables","industry":"Industrial Specialties"},{"trade_id":39,"stock_symbol":"CNAT","quantity":9094,"purchase_price":33.6,"sale_price":110.95,"purchase_date":"2/1/2015","sale_date":"10/8/2020","profit":77.35,"brokerage_fee":81.44,"total_cost":305639.84,"total_revenue":1008897.86,"profit_margin":230.093701135297,"trade_type":"Buy","sector":"Health Care","industry":"Major Pharmaceuticals"},{"trade_id":40,"stock_symbol":"ADS","quantity":9196,"purchase_price":737.65,"sale_price":694.93,"purchase_date":"3/4/2013","sale_date":"7/24/2016","profit":-42.72,"brokerage_fee":10.64,"total_cost":6783440.04,"total_revenue":6390565.64,"profit_margin":-5.791669089478677,"trade_type":"Buy","sector":"Miscellaneous","industry":"Business Services"},{"trade_id":41,"stock_symbol":"WLH","quantity":3483,"purchase_price":2.42,"sale_price":585.02,"purchase_date":"3/13/2017","sale_date":"8/13/2012","profit":582.6,"brokerage_fee":34.96,"total_cost":8463.82,"total_revenue":2037589.7,"profit_margin":23974.114288819943,"trade_type":"Buy","sector":"Capital Goods","industry":"Homebuilding"},{"trade_id":42,"stock_symbol":"AHH","quantity":9360,"purchase_price":387.11,"sale_price":293.63,"purchase_date":"10/15/2012","sale_date":"1/10/2014","profit":-93.48,"brokerage_fee":14,"total_cost":3623363.6,"total_revenue":2748362.8,"profit_margin":-24.14885439595408,"trade_type":"Short Sell","sector":"Finance","industry":"Real Estate"},{"trade_id":43,"stock_symbol":"GSH","quantity":9614,"purchase_price":782.73,"sale_price":544.76,"purchase_date":"5/29/2016","sale_date":"10/8/2013","profit":-237.97,"brokerage_fee":87.25,"total_cost":7525253.47,"total_revenue":5237235.39,"profit_margin":-30.404531742636436,"trade_type":"Sell","sector":"Transportation","industry":"Railroads"},{"trade_id":44,"stock_symbol":"EQM","quantity":1479,"purchase_price":416.59,"sale_price":594.32,"purchase_date":"12/21/2022","sale_date":"10/15/2010","profit":177.73,"brokerage_fee":67.48,"total_cost":616204.09,"total_revenue":878931.8,"profit_margin":42.63647617139315,"trade_type":"Buy","sector":"Public Utilities","industry":"Natural Gas Distribution"},{"trade_id":45,"stock_symbol":"HESM","quantity":6098,"purchase_price":43.36,"sale_price":753.26,"purchase_date":"10/31/2015","sale_date":"1/13/2010","profit":709.9,"brokerage_fee":53.76,"total_cost":264463.04,"total_revenue":4593325.72,"profit_margin":1636.8497768156942,"trade_type":"Short Sell","sector":"Energy","industry":"Oil & Gas Production"},{"trade_id":46,"stock_symbol":"PTC","quantity":3128,"purchase_price":12.15,"sale_price":807.89,"purchase_date":"10/1/2010","sale_date":"5/16/2021","profit":795.74,"brokerage_fee":17.24,"total_cost":38022.44,"total_revenue":2527062.68,"profit_margin":6546.240167648368,"trade_type":"Short Sell","sector":"Technology","industry":"Computer Software: Prepackaged Software"},{"trade_id":47,"stock_symbol":"SWX","quantity":5813,"purchase_price":225.45,"sale_price":465.34,"purchase_date":"3/7/2016","sale_date":"11/26/2018","profit":239.89,"brokerage_fee":46.67,"total_cost":1310587.52,"total_revenue":2704974.75,"profit_margin":106.39405676623565,"trade_type":"Sell","sector":"Public Utilities","industry":"Oil & Gas Production"},{"trade_id":48,"stock_symbol":"VMC","quantity":176,"purchase_price":584.33,"sale_price":856.09,"purchase_date":"4/17/2014","sale_date":"11/15/2018","profit":271.76,"brokerage_fee":27.77,"total_cost":102869.85,"total_revenue":150644.07,"profit_margin":46.44142088279511,"trade_type":"Short Sell","sector":"Basic Industries","industry":"Mining & Quarrying of Nonmetallic Minerals (No Fuels)"},{"trade_id":49,"stock_symbol":"GSL^B","quantity":8667,"purchase_price":129.54,"sale_price":964.05,"purchase_date":"10/14/2017","sale_date":"12/9/2021","profit":834.51,"brokerage_fee":64.46,"total_cost":1122787.64,"total_revenue":8355356.89,"profit_margin":644.1618158532632,"trade_type":"Buy","sector":"n/a","industry":"n/a"},{"trade_id":50,"stock_symbol":"OTIC","quantity":4974,"purchase_price":419.92,"sale_price":317.63,"purchase_date":"9/11/2013","sale_date":"5/22/2013","profit":-102.29,"brokerage_fee":98.83,"total_cost":2088780.91,"total_revenue":1579792.79,"profit_margin":-24.367712169487415,"trade_type":"Sell","sector":"Health Care","industry":"Major Pharmaceuticals"},{"trade_id":51,"stock_symbol":"JSYN","quantity":3228,"purchase_price":580.04,"sale_price":405.92,"purchase_date":"5/14/2018","sale_date":"2/3/2020","profit":-174.12,"brokerage_fee":65.98,"total_cost":1872435.1,"total_revenue":1310243.78,"profit_margin":-30.0246091306449,"trade_type":"Short Sell","sector":"Finance","industry":"Business Services"},{"trade_id":52,"stock_symbol":"MDLQ","quantity":6733,"purchase_price":635.01,"sale_price":860.42,"purchase_date":"7/1/2017","sale_date":"9/29/2017","profit":225.41,"brokerage_fee":97.68,"total_cost":4275620.01,"total_revenue":5793110.18,"profit_margin":35.49169866477447,"trade_type":"Sell","sector":"Finance","industry":"Investment Managers"},{"trade_id":53,"stock_symbol":"ICUI","quantity":4229,"purchase_price":44.2,"sale_price":418.99,"purchase_date":"5/5/2012","sale_date":"6/14/2021","profit":374.79,"brokerage_fee":67.82,"total_cost":186989.62,"total_revenue":1771840.89,"profit_margin":847.5610945677091,"trade_type":"Short Sell","sector":"Health Care","industry":"Medical/Dental Instruments"},{"trade_id":54,"stock_symbol":"CPL","quantity":8197,"purchase_price":510.48,"sale_price":165.41,"purchase_date":"10/19/2022","sale_date":"9/22/2010","profit":-345.07,"brokerage_fee":9.26,"total_cost":4184413.82,"total_revenue":1355856.51,"profit_margin":-67.59745645807087,"trade_type":"Short Sell","sector":"Public Utilities","industry":"Electric Utilities: Central"},{"trade_id":55,"stock_symbol":"APAM","quantity":6392,"purchase_price":410.63,"sale_price":969.27,"purchase_date":"10/6/2015","sale_date":"10/29/2014","profit":558.64,"brokerage_fee":81.52,"total_cost":2624828.48,"total_revenue":6195492.32,"profit_margin":136.03417774558739,"trade_type":"Short Sell","sector":"Finance","industry":"Investment Managers"},{"trade_id":56,"stock_symbol":"DDR^A","quantity":1639,"purchase_price":284.66,"sale_price":19.38,"purchase_date":"11/25/2014","sale_date":"6/16/2022","profit":-265.28,"brokerage_fee":70.33,"total_cost":466628.07,"total_revenue":31693.49,"profit_margin":-93.20797610825255,"trade_type":"Buy","sector":"n/a","industry":"n/a"},{"trade_id":57,"stock_symbol":"RESI","quantity":3485,"purchase_price":922.42,"sale_price":791.13,"purchase_date":"5/15/2012","sale_date":"7/10/2013","profit":-131.29,"brokerage_fee":74.04,"total_cost":3214707.74,"total_revenue":2757014.01,"profit_margin":-14.237491150595233,"trade_type":"Short Sell","sector":"Finance","industry":"Real Estate"},{"trade_id":58,"stock_symbol":"JFR","quantity":9779,"purchase_price":219.3,"sale_price":385.68,"purchase_date":"6/30/2017","sale_date":"10/5/2021","profit":166.38,"brokerage_fee":9.4,"total_cost":2144544.1,"total_revenue":3771555.32,"profit_margin":75.8674638586355,"trade_type":"Buy","sector":"n/a","industry":"n/a"},{"trade_id":59,"stock_symbol":"BBG","quantity":3250,"purchase_price":766.8,"sale_price":313.81,"purchase_date":"4/15/2020","sale_date":"11/6/2011","profit":-452.99,"brokerage_fee":37.76,"total_cost":2492137.76,"total_revenue":1019844.74,"profit_margin":-59.07751343569386,"trade_type":"Sell","sector":"Energy","industry":"Oil & Gas Production"},{"trade_id":60,"stock_symbol":"EEMA","quantity":3266,"purchase_price":50.76,"sale_price":810.97,"purchase_date":"1/22/2021","sale_date":"10/15/2015","profit":760.21,"brokerage_fee":53.1,"total_cost":165835.26,"total_revenue":2648574.92,"profit_margin":1497.1120496328706,"trade_type":"Buy","sector":"n/a","industry":"n/a"},{"trade_id":61,"stock_symbol":"UPL","quantity":8236,"purchase_price":700.94,"sale_price":989.13,"purchase_date":"11/15/2011","sale_date":"2/13/2020","profit":288.19,"brokerage_fee":42.45,"total_cost":5772984.29,"total_revenue":8146432.23,"profit_margin":41.11301574319718,"trade_type":"Short Sell","sector":"Energy","industry":"Oil & Gas Production"},{"trade_id":62,"stock_symbol":"AEGN","quantity":8300,"purchase_price":610.21,"sale_price":505.93,"purchase_date":"9/28/2019","sale_date":"9/19/2015","profit":-104.28,"brokerage_fee":99.08,"total_cost":5064842.08,"total_revenue":4199119.92,"profit_margin":-17.09277695781583,"trade_type":"Buy","sector":"Basic Industries","industry":"Water Supply"},{"trade_id":63,"stock_symbol":"RBS^S","quantity":3722,"purchase_price":674.68,"sale_price":488.13,"purchase_date":"9/20/2014","sale_date":"8/27/2016","profit":-186.55,"brokerage_fee":90.46,"total_cost":2511249.42,"total_revenue":1816729.4,"profit_margin":-27.656353624961714,"trade_type":"Sell","sector":"n/a","industry":"n/a"},{"trade_id":64,"stock_symbol":"RHT","quantity":5312,"purchase_price":291.65,"sale_price":163.04,"purchase_date":"4/22/2010","sale_date":"10/30/2019","profit":-128.61,"brokerage_fee":88.98,"total_cost":1549333.78,"total_revenue":865979.5,"profit_margin":-44.10633065781345,"trade_type":"Sell","sector":"Technology","industry":"Computer Software: Programming, Data Processing"},{"trade_id":65,"stock_symbol":"CEMI","quantity":939,"purchase_price":511.6,"sale_price":803.23,"purchase_date":"2/3/2011","sale_date":"8/18/2022","profit":291.63,"brokerage_fee":14.59,"total_cost":480406.99,"total_revenue":754218.38,"profit_margin":56.99571315563081,"trade_type":"Buy","sector":"Health Care","industry":"Major Pharmaceuticals"},{"trade_id":66,"stock_symbol":"GDS","quantity":9542,"purchase_price":854.12,"sale_price":666.1,"purchase_date":"10/18/2018","sale_date":"2/17/2014","profit":-188.02,"brokerage_fee":38.66,"total_cost":8150051.7,"total_revenue":6355887.54,"profit_margin":-22.014144523770323,"trade_type":"Short Sell","sector":"Technology","industry":"Computer Software: Programming, Data Processing"},{"trade_id":67,"stock_symbol":"NCV","quantity":2317,"purchase_price":346.02,"sale_price":670.38,"purchase_date":"7/22/2021","sale_date":"8/11/2010","profit":324.36,"brokerage_fee":21.62,"total_cost":801749.96,"total_revenue":1553248.84,"profit_margin":93.73232522518617,"trade_type":"Sell","sector":"n/a","industry":"n/a"},{"trade_id":68,"stock_symbol":"ISCA","quantity":1563,"purchase_price":526.69,"sale_price":864.15,"purchase_date":"7/8/2016","sale_date":"1/2/2019","profit":337.46,"brokerage_fee":34.93,"total_cost":823251.4,"total_revenue":1350631.52,"profit_margin":64.06064052851899,"trade_type":"Buy","sector":"Consumer Services","industry":"Services-Misc. Amusement & Recreation"},{"trade_id":69,"stock_symbol":"LJPC","quantity":8457,"purchase_price":786.16,"sale_price":664.42,"purchase_date":"11/27/2022","sale_date":"9/16/2011","profit":-121.74,"brokerage_fee":54.74,"total_cost":6648609.86,"total_revenue":5618945.2,"profit_margin":-15.486916538670236,"trade_type":"Short Sell","sector":"Health Care","industry":"Biotechnology: Biological Products (No Diagnostic Substances)"},{"trade_id":70,"stock_symbol":"FOLD","quantity":8368,"purchase_price":610.35,"sale_price":954.27,"purchase_date":"8/10/2011","sale_date":"11/4/2015","profit":343.92,"brokerage_fee":28.34,"total_cost":5107437.14,"total_revenue":7985303.02,"profit_margin":56.34657463449467,"trade_type":"Short Sell","sector":"Health Care","industry":"Major Pharmaceuticals"},{"trade_id":71,"stock_symbol":"SAM","quantity":7227,"purchase_price":952.28,"sale_price":274.65,"purchase_date":"12/8/2018","sale_date":"3/27/2010","profit":-677.63,"brokerage_fee":13.55,"total_cost":6882141.11,"total_revenue":1984882,"profit_margin":-71.15894649245284,"trade_type":"Sell","sector":"Consumer Non-Durables","industry":"Beverages (Production/Distribution)"},{"trade_id":72,"stock_symbol":"HFWA","quantity":9172,"purchase_price":423.98,"sale_price":585.51,"purchase_date":"4/8/2021","sale_date":"11/27/2012","profit":161.53,"brokerage_fee":55.41,"total_cost":3888799.97,"total_revenue":5370242.31,"profit_margin":38.095102639079684,"trade_type":"Sell","sector":"Finance","industry":"Banks"},{"trade_id":73,"stock_symbol":"XL","quantity":4194,"purchase_price":91.9,"sale_price":166,"purchase_date":"10/17/2018","sale_date":"12/22/2022","profit":74.1,"brokerage_fee":95.43,"total_cost":385524.03,"total_revenue":696108.57,"profit_margin":80.56165526180041,"trade_type":"Buy","sector":"Finance","industry":"Property-Casualty Insurers"},{"trade_id":74,"stock_symbol":"QSR","quantity":1894,"purchase_price":545.83,"sale_price":895.27,"purchase_date":"1/31/2015","sale_date":"8/12/2016","profit":349.44,"brokerage_fee":81.89,"total_cost":1033883.91,"total_revenue":1695559.49,"profit_margin":63.99902093456508,"trade_type":"Sell","sector":"Consumer Services","industry":"Restaurants"},{"trade_id":75,"stock_symbol":"LLIT","quantity":2896,"purchase_price":412.06,"sale_price":118.62,"purchase_date":"4/1/2016","sale_date":"5/10/2017","profit":-293.44,"brokerage_fee":22.73,"total_cost":1193348.49,"total_revenue":343500.79,"profit_margin":-71.21538319456037,"trade_type":"Buy","sector":"Health Care","industry":"Medical/Dental Instruments"},{"trade_id":76,"stock_symbol":"SELB","quantity":6669,"purchase_price":569.07,"sale_price":183.06,"purchase_date":"10/24/2017","sale_date":"9/15/2011","profit":-386.01,"brokerage_fee":72.47,"total_cost":3795200.3,"total_revenue":1220754.67,"profit_margin":-67.83424922262996,"trade_type":"Buy","sector":"Health Care","industry":"Major Pharmaceuticals"},{"trade_id":77,"stock_symbol":"MZF","quantity":753,"purchase_price":305.67,"sale_price":338.46,"purchase_date":"10/7/2020","sale_date":"9/9/2013","profit":32.79,"brokerage_fee":77.71,"total_cost":230247.22,"total_revenue":254782.67,"profit_margin":10.656133003473396,"trade_type":"Buy","sector":"n/a","industry":"n/a"},{"trade_id":78,"stock_symbol":"WHLRP","quantity":65,"purchase_price":511.26,"sale_price":446.23,"purchase_date":"12/23/2017","sale_date":"3/9/2020","profit":-65.03,"brokerage_fee":87.91,"total_cost":33319.81,"total_revenue":28917.04,"profit_margin":-13.213670786237977,"trade_type":"Sell","sector":"Consumer Services","industry":"Real Estate Investment Trusts"},{"trade_id":79,"stock_symbol":"GLOP^A","quantity":3352,"purchase_price":953.5,"sale_price":583.09,"purchase_date":"3/9/2014","sale_date":"1/7/2014","profit":-370.41,"brokerage_fee":88.75,"total_cost":3196220.75,"total_revenue":1954428.93,"profit_margin":-38.8518790512201,"trade_type":"Buy","sector":"n/a","industry":"n/a"},{"trade_id":80,"stock_symbol":"SWNC","quantity":7831,"purchase_price":792.06,"sale_price":756.9,"purchase_date":"2/13/2012","sale_date":"10/5/2017","profit":-35.16,"brokerage_fee":96.29,"total_cost":6202718.15,"total_revenue":5927187.61,"profit_margin":-4.442093503797202,"trade_type":"Sell","sector":"Energy","industry":"Oil & Gas Production"},{"trade_id":81,"stock_symbol":"PCRX","quantity":348,"purchase_price":242.08,"sale_price":746.06,"purchase_date":"11/14/2022","sale_date":"6/20/2019","profit":503.98,"brokerage_fee":86.23,"total_cost":84330.07,"total_revenue":259542.65,"profit_margin":207.76999236452667,"trade_type":"Buy","sector":"Health Care","industry":"Major Pharmaceuticals"},{"trade_id":82,"stock_symbol":"NCI","quantity":2302,"purchase_price":892.33,"sale_price":612.82,"purchase_date":"2/6/2010","sale_date":"10/16/2021","profit":-279.51,"brokerage_fee":60.2,"total_cost":2054203.86,"total_revenue":1410651.44,"profit_margin":-31.32855665065297,"trade_type":"Short Sell","sector":"Consumer Services","industry":"Professional Services"},{"trade_id":83,"stock_symbol":"MSA","quantity":9054,"purchase_price":302.46,"sale_price":413.89,"purchase_date":"10/25/2014","sale_date":"8/21/2010","profit":111.43,"brokerage_fee":55.95,"total_cost":2738528.79,"total_revenue":3747304.11,"profit_margin":36.836396377633115,"trade_type":"Buy","sector":"Health Care","industry":"Industrial Specialties"},{"trade_id":84,"stock_symbol":"NBLX","quantity":4029,"purchase_price":381.13,"sale_price":137.87,"purchase_date":"4/27/2013","sale_date":"7/25/2022","profit":-243.26,"brokerage_fee":72.67,"total_cost":1535645.44,"total_revenue":555405.56,"profit_margin":-63.83243517461948,"trade_type":"Sell","sector":"Energy","industry":"Natural Gas Distribution"},{"trade_id":85,"stock_symbol":"CLMT","quantity":1143,"purchase_price":76.29,"sale_price":92.78,"purchase_date":"10/18/2021","sale_date":"8/22/2018","profit":16.49,"brokerage_fee":57,"total_cost":87256.47,"total_revenue":105990.54,"profit_margin":21.470121356043855,"trade_type":"Buy","sector":"Energy","industry":"Integrated oil Companies"},{"trade_id":86,"stock_symbol":"ELLI","quantity":1491,"purchase_price":629.35,"sale_price":671.48,"purchase_date":"4/4/2017","sale_date":"5/6/2016","profit":42.13,"brokerage_fee":69.3,"total_cost":938430.15,"total_revenue":1001107.38,"profit_margin":6.6789446183075,"trade_type":"Sell","sector":"Technology","industry":"Computer Software: Prepackaged Software"},{"trade_id":87,"stock_symbol":"MMI","quantity":4376,"purchase_price":8.76,"sale_price":370.45,"purchase_date":"11/30/2021","sale_date":"8/24/2012","profit":361.69,"brokerage_fee":26.19,"total_cost":38359.95,"total_revenue":1621063.01,"profit_margin":4125.925763719712,"trade_type":"Short Sell","sector":"Finance","industry":"Real Estate"},{"trade_id":88,"stock_symbol":"PFM","quantity":3083,"purchase_price":741.76,"sale_price":576.22,"purchase_date":"11/26/2020","sale_date":"12/29/2022","profit":-165.54,"brokerage_fee":38.02,"total_cost":2286884.1,"total_revenue":1776448.24,"profit_margin":-22.320145564001255,"trade_type":"Sell","sector":"n/a","industry":"n/a"},{"trade_id":89,"stock_symbol":"AEUA","quantity":5445,"purchase_price":326.42,"sale_price":326.11,"purchase_date":"5/4/2012","sale_date":"7/20/2022","profit":-0.31,"brokerage_fee":49.18,"total_cost":1777406.08,"total_revenue":1775619.77,"profit_margin":-0.1005009502386759,"trade_type":"Sell","sector":"Energy","industry":"Oil & Gas Production"},{"trade_id":90,"stock_symbol":"SIEB","quantity":2720,"purchase_price":831.26,"sale_price":960.76,"purchase_date":"6/16/2021","sale_date":"2/22/2014","profit":129.5,"brokerage_fee":27.73,"total_cost":2261054.93,"total_revenue":2613239.47,"profit_margin":15.576116056587798,"trade_type":"Sell","sector":"Finance","industry":"Investment Bankers/Brokers/Service"},{"trade_id":91,"stock_symbol":"TVIZ","quantity":5594,"purchase_price":983.46,"sale_price":830.45,"purchase_date":"11/6/2011","sale_date":"5/3/2022","profit":-153.01,"brokerage_fee":29.76,"total_cost":5501505,"total_revenue":4645507.54,"profit_margin":-15.559332582629663,"trade_type":"Sell","sector":"Finance","industry":"Investment Bankers/Brokers/Service"},{"trade_id":92,"stock_symbol":"FUL","quantity":748,"purchase_price":766.22,"sale_price":94.01,"purchase_date":"4/19/2017","sale_date":"11/28/2016","profit":-672.21,"brokerage_fee":55.65,"total_cost":573188.21,"total_revenue":70263.83,"profit_margin":-87.74157793650362,"trade_type":"Short Sell","sector":"Basic Industries","industry":"Home Furnishings"},{"trade_id":93,"stock_symbol":"RTEC","quantity":6056,"purchase_price":427.77,"sale_price":755.56,"purchase_date":"7/26/2012","sale_date":"8/25/2020","profit":327.79,"brokerage_fee":89.76,"total_cost":2590664.88,"total_revenue":4575581.6,"profit_margin":76.61804254666856,"trade_type":"Sell","sector":"Capital Goods","industry":"Industrial Machinery/Components"},{"trade_id":94,"stock_symbol":"KNOP","quantity":3175,"purchase_price":670.72,"sale_price":22.2,"purchase_date":"11/16/2011","sale_date":"11/2/2016","profit":-648.52,"brokerage_fee":5.14,"total_cost":2129541.14,"total_revenue":70479.86,"profit_margin":-96.69037340128588,"trade_type":"Sell","sector":"Consumer Services","industry":"Marine Transportation"},{"trade_id":95,"stock_symbol":"HLF","quantity":677,"purchase_price":308.25,"sale_price":30.71,"purchase_date":"7/28/2022","sale_date":"6/23/2011","profit":-277.54,"brokerage_fee":57.81,"total_cost":208743.06,"total_revenue":20732.86,"profit_margin":-90.06776081561705,"trade_type":"Short Sell","sector":"Health Care","industry":"Other Pharmaceuticals"},{"trade_id":96,"stock_symbol":"DNOW","quantity":7719,"purchase_price":852.65,"sale_price":578.91,"purchase_date":"1/7/2022","sale_date":"7/6/2020","profit":-273.74,"brokerage_fee":82.94,"total_cost":6581688.29,"total_revenue":4468523.35,"profit_margin":-32.10673077925421,"trade_type":"Short Sell","sector":"Energy","industry":"Metal Fabrications"},{"trade_id":97,"stock_symbol":"GM.WS.B","quantity":6318,"purchase_price":551.97,"sale_price":739.78,"purchase_date":"10/7/2010","sale_date":"8/12/2012","profit":187.81,"brokerage_fee":40.97,"total_cost":3487387.43,"total_revenue":4673889.07,"profit_margin":34.02265058918332,"trade_type":"Sell","sector":"n/a","industry":"n/a"},{"trade_id":98,"stock_symbol":"TMK","quantity":1154,"purchase_price":609.9,"sale_price":436.88,"purchase_date":"10/20/2016","sale_date":"12/23/2015","profit":-173.02,"brokerage_fee":53.8,"total_cost":703878.4,"total_revenue":504105.72,"profit_margin":-28.381703430592555,"trade_type":"Sell","sector":"Finance","industry":"Life Insurance"},{"trade_id":99,"stock_symbol":"CASS","quantity":9986,"purchase_price":104.65,"sale_price":311.02,"purchase_date":"10/4/2014","sale_date":"10/28/2013","profit":206.37,"brokerage_fee":92.82,"total_cost":1045127.72,"total_revenue":3105752.9,"profit_margin":197.16491492542175,"trade_type":"Sell","sector":"Miscellaneous","industry":"Business Services"},{"trade_id":100,"stock_symbol":"FONR","quantity":1953,"purchase_price":410.71,"sale_price":495.82,"purchase_date":"3/30/2022","sale_date":"11/28/2013","profit":85.11,"brokerage_fee":67.33,"total_cost":802183.96,"total_revenue":968269.13,"profit_margin":20.704125023891027,"trade_type":"Short Sell","sector":"Health Care","industry":"Biotechnology: Electromedical & Electrotherapeutic Apparatus"}]